@online{github,
  author  = {Martinho~Caeiro},
  title   = {LPD-Tool - Repositório de Código},
  year    = {2025},
  url     = {https://github.com/MartinhoCaeiro/LPD-Tool},
  note    = {Repositório da Aplicação LPD-Tool},
  urldate = {2025-10-29}
}

@online{paglpd,
  author  = {IPBeja},
  title   = {Disciplina: Linguagens de Programação Dinâmicas | IPBeja},
  year    = {2025},
  url     = {https://cms.ipbeja.pt/course/view.php?id=1164},
  note    = {Página LPD},
  urldate = {2025-10-29}
}

@online{python,
  author  = {Python~Software~Foundation},
  title   = {Welcome to Python.org},
  year    = {2025},
  url     = {https://www.python.org/},
  note    = {Linguagem de Programação Python},
  urldate = {2025-10-29}
}

@online{vscode,
  author  = {Microsoft~Corporation},
  title   = {Visual Studio Code},
  year    = {2025},
  url     = {https://code.visualstudio.com/},
  note    = {Editor de Texto Visual Studio Code},
  urldate = {2025-10-29}
}

@online{kali,
  author  = {OffSec~Services~Limited},
  title   = {Get Kali | Kali Linux},
  year    = {2025},
  url     = {https://www.kali.org/get-kali/#kali-platforms},
  note    = {Instalador Kali Linux},
  urldate = {2025-10-29}
}

@online{virtualbox,
  author  = {Oracle~Corporation},
  title   = {VirtualBox},
  year    = {2025},
  url     = {https://www.virtualbox.org/},
  note    = {Software de Virtualização VirtualBox},
  urldate = {2025-10-29}
}

@online{port,
  author  = {Wikipedia},
  title   = {Porto (Redes de Computadores)},
  urldate = {2025-10-29},
  url     = {https://en.wikipedia.org/wiki/Port_(computer_networking)},
  year    = {2025}
}


@online{udpflood,
  author  = {Wikipedia},
  title   = {UDP flood},
  urldate = {2025-10-29},
  url     = {https://en.wikipedia.org/wiki/UDP_flood},
  year    = {2025}
}

@online{synflood,
  author  = {Wikipedia},
  title   = {SYN flood},
  urldate = {2025-10-29},
  url     = {https://en.wikipedia.org/wiki/SYN_flood},
  year    = {2025}
}

@online{logging,
  author  = {Wikipedia},
  title   = {Logging (Computação)},
  urldate = {2025-10-29},
  url     = {https://en.wikipedia.org/wiki/Logging_(computing)},
  year    = {2025}
}

@online{portknocking,
  author  = {Wikipedia},
  title   = {Port Knocking},
  urldate = {2025-10-29},
  url     = {https://en.wikipedia.org/wiki/Port_knocking},
  year    = {2025}
}

@online{password,
  author  = {Wikipedia},
  title   = {Password},
  urldate = {2025-10-29},
  url     = {https://en.wikipedia.org/wiki/Password},
  year    = {2025}
}


@online{2fa,
  author  = {Wikipedia},
  title   = {Autenticação de Dois Fatores},
  urldate = {2025-10-29},
  url     = {https://en.wikipedia.org/wiki/Multi-factor_authentication},
  year    = {2025}
}